% Encoding: UTF-8

@Book{gluhova,
  title     = {Основы алгоритмизации и программирования: лаб. практикум для студ. спец. 1-40 01 01 "Программное обеспечение информационных технологий" дневной формы обуч. В 4 ч.},
  publisher = {БГУИР},
  year      = {2004},
  author    = {Л. А. Глухова and Е. П. Фадеева and Е. Е. Фадеева},
  address   = {Минск},
}

@Book{vich_mat,
  title = {Алгоритмы вычислительной математика},
  publisher = {БГУИР},
  year = {2007},
  author = {А. К. Cиницын, А. А. Навроцкий},
  address = {Минск}
}

@Book{domanov,
  title     = {Стандарт предприятия. Дипломные проекты (работы). Общие требования.},
  publisher = {БГУИР},
  year      = {2010},
  author    = {А. Т. Доманов and Н. И. Сорока},
  address   = {Минск},
}


@Misc{istqb_specification,
  title        = {ISTQB glossary -- Specification [Электронный ресурс]},
  howpublished = {Электронные данные},
  note         = {Режим доступа: http://glossary.astqb.org/search/specification. --- Дата доступа: 25.03.17},
}

@Book{gost_7.0,
  title     = {ГОСТ 7.0-99 Информационно-библиотечная деятельность, библиография. Термины и определения},
  publisher = {Межгосударственный совет по стандартизации, метрологии и сертификации},
  year      = {1999},
  address   = {М.},
}

@Misc{iso_iec_it_vocabulary,
  title        = {ISO/IEC 2382-1:1993, Information technology — Vocabulary — Part 1: Fundamental terms [Электронный ресурс]},
  howpublished = {Электронные данные},
  note         = {Режим доступа: https://www.iso.org/obp/ui/\#iso:std:iso-iec-ieee:2382:ed-1:v1:en. --- Дата доступа: 11.12.16},
  timestamp    = {2016-12-11},
}

@Misc{habr_db_tutorial,
  title        = {Руководство по проектированию реляционных баз данных (1-3 часть из 15) [Электронный ресурс]},
  howpublished = {Электронные данные},
  note         = {Режим доступа: https://habrahabr.ru/post/193136/. --- Дата доступа: 11.12.16},
}

@Misc{habr_crossplatform,
  title        = {Как правильно переходить границу: кроссплатформенность в мобильном приложении [Электронный ресурс]},
  howpublished = {Электронные данные},
  note         = {Режим доступа: https://habrahabr.ru/company/parallels/blog/254325/. --- Дата доступа: 26.03.17},
}

@Book{kulikov_db_workbook,
  title   = {Базы данных. Рабочая тетрадь.},
  author  = {С. С. Куликов},
  address = {Минск},
}

@Article{codd,
  author  = {E. F. Codd},
  title   = {A Relational Model of Data for Large Shared Data Banks},
  journal = {Communication of the ACM},
  year    = {1970},
  volume  = {13},
  number  = {6},
}

@Misc{wiki_codd,
  title        = {Edgar F. Codd [Электронный ресурс]},
  howpublished = {Электронные данные},
  note         = {Режим доступа: https://en.wikipedia.org/wiki/Edgar\_F.\_Codd. --- Дата доступа: 11.12.16},
  timestamp    = {2016-12-11},
}

@Book{architecture_volosevich,
  title     = {Архитектура программного обеспечения: Курс лекций для студентов специальности 1-40 01 03 Информатика и технологии программирования},
  publisher = {БГУИР},
  year      = {2013},
  author    = {А. А. Волосевич},
  address   = {Минск},
}

@Book{application_architecture_guide,
  title     = {Microsoft® Application Architecture Guide (Patterns \& Practices)},
  publisher = {Microsoft Press},
  year      = {2009},
  author    = {Microsoft Patterns \& Practices Team},
  isbn      = {9780735627109},
}

@InBook{introduction_to_architecture,
  title     = {An Introduction to Software Architecture},
  publisher = {World Scientific Publishing Company},
  year      = {1994},
  author    = {David Garlan and Mary Shaw},
  editor    = {V Ambriola and G Tortora},
  volume    = {I},
  address   = {New Jersey},
  journal   = {Advances in Software Engineering and Knowledge Engineering},
  howpublished = {Электронные данные},
  note         = {Режим доступа: http://www.cs.cmu.edu/afs/cs/project/able/ftp/intro\_softarch/intro\_softarch.pdf. --- Дата доступа: 28.03.17},
}


@Book{palitsyn,
  title     = {Технико-экономическое обоснование дипломных проектов: Метод. пособие для студ. всех спец. БГУИР. В 4-х ч. Ч. 4: Проекты программного обеспечения},
  publisher = {БГУИР},
  year      = {2006},
  author    = {В.А. Палицын},
  address   = {Мн},
  isbn      = {9854449068},
  note      = {76~с.},
}

@Misc{labour_calendar,
  author       = {Е.А. Пещенко},
  title        = {Производственный календарь на 2017 год [Электронный ресурс]},
  howpublished = {Электронные данные},
  note         = {Режим доступа: http://www.mintrud.gov.by/system/extensions/spaw/uploads/files/Kommetarij-2017-RV.pdf. --- Дата доступа: 06.04.17},
}

@Misc{belstat_average_wage,
  author       = {Белстат},
  title        = {О начисленной средней заработной плате работников в феврале 2017 г. [Электронный ресурс]},
  howpublished = {Электронные данные},
  note         = {Режим доступа: http://www.belstat.gov.by/ofitsialnaya-statistika/solialnaya-sfera/trud/operativnaya-informatsiya\_8/o-nachislennoi-srednei-zarabotnoi-plate-rabotnikov/o-nachislennoy-sredney-zarabotnoy-plate-rabotnikov-v-fevrale-2017-nbsp-g/. --- Дата доступа: 07.04.17},
}

@Comment{jabref-meta: databaseType:bibtex;}
